@misc{gupta2024topodiffusionnet,
    title={TopoDiffusionNet: A Topology-aware Diffusion Model},
    author={Saumya Gupta and Dimitris Samaras and Chao Chen},
    year={2024},
    eprint={2410.16646},
    archivePrefix={arXiv},
    primaryClass={cs.CV}
}

@misc{guo2024medialskeletaldiagramgeneralized,
      title={Medial Skeletal Diagram: A Generalized Medial Axis Approach for 3D Shape Representation},
      author={Minghao Guo and Bohan Wang and Wojciech Matusik},
      year={2024},
      eprint={2310.09395},
      archivePrefix={arXiv},
      primaryClass={cs.GR},
      url={https://arxiv.org/abs/2310.09395},
}

@article{article,
author = {Birgin, Ernesto and Laurain, Antoine and Souza, Danilo},
year = {2024},
month = {11},
pages = {85},
title = {Reconstruction of Voronoi diagrams in inverse potential problems},
volume = {30},
journal = {ESAIM: Control, Optimisation and Calculus of Variations},
doi = {10.1051/cocv/2024072}
}


@misc{zhu2023diffusionmodeleventskeleton,
      title={A Diffusion Model for Event Skeleton Generation},
      author={Fangqi Zhu and Lin Zhang and Jun Gao and Bing Qin and Ruifeng Xu and Haiqin Yang},
      year={2023},
      eprint={2305.17458},
      archivePrefix={arXiv},
      primaryClass={cs.CL},
      url={https://arxiv.org/abs/2305.17458},
}

@misc{chen2024contourdiffunpairedimagetoimagetranslation,
      title={ContourDiff: Unpaired Image-to-Image Translation with Structural Consistency for Medical Imaging},
      author={Yuwen Chen and Nicholas Konz and Hanxue Gu and Haoyu Dong and Yaqian Chen and Lin Li and Jisoo Lee and Maciej A. Mazurowski},
      year={2024},
      eprint={2403.10786},
      archivePrefix={arXiv},
      primaryClass={eess.IV},
      url={https://arxiv.org/abs/2403.10786},
}

@misc{pobitzer2024outlineguidedobjectinpaintingdiffusion,
      title={Outline-Guided Object Inpainting with Diffusion Models},
      author={Markus Pobitzer and Filip Janicki and Mattia Rigotti and Cristiano Malossi},
      year={2024},
      eprint={2402.16421},
      archivePrefix={arXiv},
      primaryClass={cs.CV},
      url={https://arxiv.org/abs/2402.16421},
}

@misc{park2024shapeguideddiffusioninsideoutsideattention,
      title={Shape-Guided Diffusion with Inside-Outside Attention},
      author={Dong Huk Park and Grace Luo and Clayton Toste and Samaneh Azadi and Xihui Liu and Maka Karalashvili and Anna Rohrbach and Trevor Darrell},
      year={2024},
      eprint={2212.00210},
      archivePrefix={arXiv},
      primaryClass={cs.CV},
      url={https://arxiv.org/abs/2212.00210},
}

@misc{ren2023multiscalestructureguideddiffusion,
      title={Multiscale Structure Guided Diffusion for Image Deblurring},
      author={Mengwei Ren and Mauricio Delbracio and Hossein Talebi and Guido Gerig and Peyman Milanfar},
      year={2023},
      eprint={2212.01789},
      archivePrefix={arXiv},
      primaryClass={cs.CV},
      url={https://arxiv.org/abs/2212.01789},
}

@InProceedings{Liu_2025_CVPR,
    author    = {Liu, Yujun and Wang, Ruisheng and Huang, Shangfeng and Cai, Guorong},
    title     = {EdgeDiff: Edge-aware Diffusion Network for Building Reconstruction from Point Clouds},
    booktitle = {Proceedings of the IEEE/CVF Conference on Computer Vision and Pattern Recognition (CVPR)},
    month     = {June},
    year      = {2025},
    pages     = {17008-17018}
}

@misc{ju2023humansdnativeskeletonguideddiffusion,
      title={HumanSD: A Native Skeleton-Guided Diffusion Model for Human Image Generation},
      author={Xuan Ju and Ailing Zeng and Chenchen Zhao and Jianan Wang and Lei Zhang and Qiang Xu},
      year={2023},
      eprint={2304.04269},
      archivePrefix={arXiv},
      primaryClass={cs.CV},
      url={https://arxiv.org/abs/2304.04269},
}

@article{angulo2011generalisedmorphologicalimagediffusion,
author = {Angulo, Jes√∫s},
year = {2011},
month = {06},
pages = {},
title = {Generalised Morphological Image Diffusion},
volume = {134},
journal = {Nonlinear Analysis: Theory, Methods & Applications},
doi = {10.1016/j.na.2015.12.015}
}

@INPROCEEDINGS{7362698,
  author={Nakashizuka, Makoto},
  booktitle={2015 23rd European Signal Processing Conference (EUSIPCO)},
  title={Image regularization with higher-order morphological gradients},
  year={2015},
  volume={},
  number={},
  pages={1820-1824},
  keywords={TV;Standards;Minimization;Approximation methods;Europe;Signal processing;Image denoising;Image recovery;mathematical morphology;morphological gradient;image prior;regularization},
  doi={10.1109/EUSIPCO.2015.7362698}}


@misc{vandersanden2025edgepreservingnoisediffusionmodels,
      title={Edge-preserving noise for diffusion models},
      author={Jente Vandersanden and Sascha Holl and Xingchang Huang and Gurprit Singh},
      year={2025},
      eprint={2410.01540},
      archivePrefix={arXiv},
      primaryClass={cs.CV},
      url={https://arxiv.org/abs/2410.01540},
}

@ARTICLE{Pace2013-da,
  title     = "A locally adaptive regularization based on anisotropic diffusion
               for deformable image registration of sliding organs",
  author    = "Pace, Danielle F and Aylward, Stephen R and Niethammer, Marc",
  journal   = "IEEE Trans. Med. Imaging",
  publisher = "Institute of Electrical and Electronics Engineers (IEEE)",
  volume    =  32,
  number    =  11,
  pages     = "2114--2126",
  month     =  nov,
  year      =  2013,
  language  = "en"
}

@misc{baptista2025memorizationregularizationgenerativediffusion,
      title={Memorization and Regularization in Generative Diffusion Models},
      author={Ricardo Baptista and Agnimitra Dasgupta and Nikola B. Kovachki and Assad Oberai and Andrew M. Stuart},
      year={2025},
      eprint={2501.15785},
      archivePrefix={arXiv},
      primaryClass={cs.LG},
      url={https://arxiv.org/abs/2501.15785},
}

@misc{falck2025fourierspaceperspectivediffusion,
      title={A Fourier Space Perspective on Diffusion Models},
      author={Fabian Falck and Teodora Pandeva and Kiarash Zahirnia and Rachel Lawrence and Richard Turner and Edward Meeds and Javier Zazo and Sushrut Karmalkar},
      year={2025},
      eprint={2505.11278},
      archivePrefix={arXiv},
      primaryClass={stat.ML},
      url={https://arxiv.org/abs/2505.11278},
}

@article{article,
author = {Zhang, Dimeng and Li, JiaYao and Chen, Zilong and Zou, Yuntao},
year = {2024},
month = {09},
pages = {104087},
title = {Efficient image generation with Contour Wavelet Diffusion},
volume = {124},
journal = {Computers & Graphics},
doi = {10.1016/j.cag.2024.104087}
}

@article{article,
author = {Yu, Cuihong and Han, Cheng and Zhang, Chao},
year = {2025},
month = {03},
pages = {},
title = {DMFFT: improving the generation quality of diffusion models using fast Fourier transform},
volume = {15},
journal = {Scientific Reports},
doi = {10.1038/s41598-025-94381-8}
}

@misc{bansal2023universalguidancediffusionmodels,
      title={Universal Guidance for Diffusion Models},
      author={Arpit Bansal and Hong-Min Chu and Avi Schwarzschild and Soumyadip Sengupta and Micah Goldblum and Jonas Geiping and Tom Goldstein},
      year={2023},
      eprint={2302.07121},
      archivePrefix={arXiv},
      primaryClass={cs.CV},
      url={https://arxiv.org/abs/2302.07121},
}

@misc{chamberlain2021grandgraphneuraldiffusion,
      title={GRAND: Graph Neural Diffusion},
      author={Benjamin Paul Chamberlain and James Rowbottom and Maria Gorinova and Stefan Webb and Emanuele Rossi and Michael M. Bronstein},
      year={2021},
      eprint={2106.10934},
      archivePrefix={arXiv},
      primaryClass={cs.LG},
      url={https://arxiv.org/abs/2106.10934},
}

@misc{liu2023generativediffusionmodelsgraphs,
      title={Generative Diffusion Models on Graphs: Methods and Applications},
      author={Chengyi Liu and Wenqi Fan and Yunqing Liu and Jiatong Li and Hang Li and Hui Liu and Jiliang Tang and Qing Li},
      year={2023},
      eprint={2302.02591},
      archivePrefix={arXiv},
      primaryClass={cs.LG},
      url={https://arxiv.org/abs/2302.02591},
}